@Manual{R-base,
  title = {R: A Language and Environment for Statistical Computing},
  author = {{R Core Team}},
  organization = {R Foundation for Statistical Computing},
  address = {Vienna, Austria},
  year = {2021},
  url = {https://www.R-project.org/},
}
@Article{R-brms_a,
  title = {{brms}: An {R} Package for {Bayesian} Multilevel Models Using {Stan}},
  author = {Paul-Christian Bürkner},
  journal = {Journal of Statistical Software},
  year = {2017},
  volume = {80},
  number = {1},
  pages = {1--28},
  doi = {10.18637/jss.v080.i01},
  encoding = {UTF-8},
}

@article{zipf1949human,
  title={Human behavior and the principle of least effort: an introd. to human ecology},
  author={Zipf, George Kingsley},
  year={1949},
  publisher={Addison-Wesley Press}
}

@article{van2014subtlex,
  title={SUBTLEX-UK: A new and improved word frequency database for British English},
  author={Van Heuven, Walter JB and Mandera, Pawel and Keuleers, Emmanuel and Brysbaert, Marc},
  journal={Quarterly journal of experimental psychology},
  volume={67},
  number={6},
  pages={1176--1190},
  year={2014},
  publisher={SAGE Publications Sage UK: London, England}
}

@inproceedings{levenshtein1966binary,
  title={Binary codes capable of correcting deletions, insertions, and reversals},
  author={Levenshtein, Vladimir I and others},
  booktitle={Soviet physics doklady},
  volume={10},
  number={8},
  pages={707--710},
  year={1966},
  organization={Soviet Union}
}

@article{hamilton2000infant,
  title={Infant vocabulary development assessed with a British communicative development inventory},
  author={Hamilton, Antonia and Plunkett, Kim and Schafer, Graham},
  journal={Journal of child language},
  volume={27},
  number={3},
  pages={689--705},
  year={2000},
  publisher={Cambridge University Press}
}

@book{gelman2020regression,
  title={Regression and other stories},
  author={Gelman, Andrew and Hill, Jennifer and Vehtari, Aki},
  year={2020},
  publisher={Cambridge University Press}
}

@article{arslan2020formr,
  title={formr: A study framework allowing for automated feedback generation and complex longitudinal experience-sampling studies using R},
  author={Arslan, Ruben C and Walther, Matthias P and Tata, Cyril S},
  journal={Behavior Research Methods},
  volume={52},
  number={1},
  pages={376--387},
  year={2020},
  publisher={Springer}
}

@article{floccia2018vocabulary,
  title={Vocabulary of 2-year-olds learning learning English and an additional language: Norms and effects of linguistic distance},
  author={Floccia, Caroline and Sambrook, Thomas D and Delle Luche, Claire and Kwok, Rosa and Goslin, Jeremy and White, Laurence and Cattani, Allegra and Sullivan, Emily and Abbot-Smith, Kirsten and Krott, Andrea and others},
  year={2018},
  publisher={Wiley}
}

@article{lewandowski2009generating,
  title={Generating random correlation matrices based on vines and extended onion method},
  author={Lewandowski, Daniel and Kurowicka, Dorota and Joe, Harry},
  journal={Journal of multivariate analysis},
  volume={100},
  number={9},
  pages={1989--2001},
  year={2009},
  publisher={Elsevier}
}

@article{burkner2019ordinal,
  title={Ordinal regression models in psychology: A tutorial},
  author={B{\"u}rkner, Paul-Christian and Vuorre, Matti},
  journal={Advances in Methods and Practices in Psychological Science},
  volume={2},
  number={1},
  pages={77--101},
  year={2019},
  publisher={Sage Publications Sage CA: Los Angeles, CA}
}

@article{bilson2015semantic,
  title={Semantic facilitation in bilingual first language acquisition},
  author={Bilson, Samuel and Yoshida, Hanako and Tran, Crystal D and Woods, Elizabeth A and Hills, Thomas T},
  journal={Cognition},
  volume={140},
  pages={122--134},
  year={2015},
  publisher={Elsevier}
}

@article{fourtassi2020growth,
  title={The growth of children's semantic and phonological networks: Insight from 10 languages},
  author={Fourtassi, Abdellah and Bian, Yuan and Frank, Michael C},
  journal={Cognitive Science},
  volume={44},
  number={7},
  pages={e12847},
  year={2020},
  publisher={Wiley Online Library}
}

@article{jones2019children,
  title={Do children really acquire dense neighbourhoods?},
  author={Jones, Samuel David and Brandt, Silke},
  journal={Journal of child language},
  volume={46},
  number={6},
  pages={1260--1273},
  year={2019},
  publisher={Cambridge University Press}
}

@book{fenson2007macarthur,
  title={MacArthur-Bates communicative development inventories},
  author={Fenson, Larry and others},
  year={2007},
  publisher={Paul H. Brookes Publishing Company Baltimore, MD}
}

@manual{multilex,
    title = {multilex: A R package for multilingual lexical assessment using online surveys},
    author = {Gonzalo Garcia-Castro},
    year = {2022},
    url = {https://github.com/gongcastro/multilex},
    note = {R package version 1.0.1},
  }

@article{hills2009longitudinal,
  title={Longitudinal analysis of early semantic networks: Preferential attachment or preferential acquisition?},
  author={Hills, Thomas T and Maouene, Mounir and Maouene, Josita and Sheya, Adam and Smith, Linda},
  journal={Psychological science},
  volume={20},
  number={6},
  pages={729--739},
  year={2009},
  publisher={SAGE Publications Sage CA: Los Angeles, CA}
}

@article{kruschke2018bayesian,
  title={The Bayesian New Statistics: Hypothesis testing, estimation, meta-analysis, and planning from a Bayesian perspective},
  author={Kruschke, J K and Liddell, T M},
  journal={Psychonomic Bulletin and Review},
  year={2018},
  number={25},
  pages={178–206},
  doi={10.3758/s13423-016-1221-4}
}


@article{laing2022phonological,
  title={Phonological Networks and Systematicity in Early Lexical Acquisition},
  author={Laing, Catherine E},
  year={2022},
  publisher={PsyArXiv}
}
@article{goodman2008does,
  title={Does frequency count? Parental input and the acquisition of vocabulary},
  author={Goodman, Judith C and Dale, Philip S and Li, Ping},
  journal={Journal of child language},
  volume={35},
  number={3},
  pages={515--531},
  year={2008},
  publisher={Cambridge University Press}
}

@article{spivey1999cross,
  title={Cross talk between native and second languages: Partial activation of an irrelevant lexicon},
  author={Spivey, Michael J and Marian, Viorica},
  journal={Psychological science},
  volume={10},
  number={3},
  pages={281--284},
  year={1999},
  publisher={SAGE Publications Sage CA: Los Angeles, CA}
}

@article{barr2013random,
  title={Random effects structure for confirmatory hypothesis testing: Keep it maximal},
  author={Barr, Dale J and Levy, Roger and Scheepers, Christoph and Tily, Harry J},
  journal={Journal of memory and language},
  volume={68},
  number={3},
  pages={255--278},
  year={2013},
  publisher={Elsevier}
}

@book{mcelreath2020statistical,
  title={Statistical rethinking: A Bayesian course with examples in R and Stan},
  author={McElreath, Richard},
  year={2020},
  publisher={Chapman and Hall/CRC}
}

@Article{R-brms_b,
  title = {Advanced {Bayesian} Multilevel Modeling with the {R} Package {brms}},
  author = {Paul-Christian Bürkner},
  journal = {The R Journal},
  year = {2018},
  volume = {10},
  number = {1},
  pages = {395--411},
  doi = {10.32614/RJ-2018-017},
  encoding = {UTF-8},
}
@Manual{R-dplyr,
  title = {dplyr: A Grammar of Data Manipulation},
  author = {Hadley Wickham and Romain François and Lionel Henry and Kirill Müller},
  year = {2021},
  note = {R package version 1.0.7},
  url = {https://CRAN.R-project.org/package=dplyr},
}
@Manual{R-forcats,
  title = {forcats: Tools for Working with Categorical Variables (Factors)},
  author = {Hadley Wickham},
  year = {2021},
  note = {R package version 0.5.1},
  url = {https://CRAN.R-project.org/package=forcats},
}
@Book{R-ggplot2,
  author = {Hadley Wickham},
  title = {ggplot2: Elegant Graphics for Data Analysis},
  publisher = {Springer-Verlag New York},
  year = {2016},
  isbn = {978-3-319-24277-4},
  url = {https://ggplot2.tidyverse.org},
}
@Manual{R-gt,
  title = {gt: Easily Create Presentation-Ready Display Tables},
  author = {Richard Iannone and Joe Cheng and Barret Schloerke},
  year = {2020},
  note = {R package version 0.2.2},
  url = {https://CRAN.R-project.org/package=gt},
}
@Manual{R-here,
  title = {here: A Simpler Way to Find Your Files},
  author = {Kirill Müller},
  year = {2020},
  note = {R package version 1.0.1},
  url = {https://CRAN.R-project.org/package=here},
}
@Manual{R-janitor,
  title = {janitor: Simple Tools for Examining and Cleaning Dirty Data},
  author = {Sam Firke},
  year = {2021},
  note = {R package version 2.1.0},
  url = {https://CRAN.R-project.org/package=janitor},
}
@Manual{R-keyring,
  title = {keyring: Access the System Credential Store from R},
  author = {Gábor Csárdi},
  year = {2021},
  note = {R package version 1.2.0},
  url = {https://CRAN.R-project.org/package=keyring},
}
@Book{R-knitr,
  title = {Dynamic Documents with {R} and knitr},
  author = {Yihui Xie},
  publisher = {Chapman and Hall/CRC},
  address = {Boca Raton, Florida},
  year = {2015},
  edition = {2nd},
  note = {ISBN 978-1498716963},
  url = {https://yihui.org/knitr/},
}
@Article{R-lubridate,
  title = {Dates and Times Made Easy with {lubridate}},
  author = {Garrett Grolemund and Hadley Wickham},
  journal = {Journal of Statistical Software},
  year = {2011},
  volume = {40},
  number = {3},
  pages = {1--25},
  url = {https://www.jstatsoft.org/v40/i03/},
}
@Article{R-mice,
  title = {{mice}: Multivariate Imputation by Chained Equations in R},
  author = {Stef {van Buuren} and Karin Groothuis-Oudshoorn},
  journal = {Journal of Statistical Software},
  year = {2011},
  volume = {45},
  number = {3},
  pages = {1-67},
  url = {https://www.jstatsoft.org/v45/i03/},
}
@Manual{R-multilex,
  title = {multilex: Multilingual lexical assessment using online surveys},
  author = {Gonzalo Garcia-Castro},
  note = {R package version 1.0.0},
  url = {https://github.com/gongcastro/multilex},
}
@Manual{R-papaja,
  author = {Frederik Aust and Marius Barth},
  title = {{papaja}: {Create} {APA} manuscripts with {R Markdown}},
  year = {2020},
  note = {R package version 0.1.0.9997},
  url = {https://github.com/crsh/papaja},
}
@Manual{R-patchwork,
  title = {patchwork: The Composer of Plots},
  author = {Thomas Lin Pedersen},
  year = {2020},
  note = {R package version 1.1.1},
  url = {https://CRAN.R-project.org/package=patchwork},
}
@Manual{R-purrr,
  title = {purrr: Functional Programming Tools},
  author = {Lionel Henry and Hadley Wickham},
  year = {2020},
  note = {R package version 0.3.4},
  url = {https://CRAN.R-project.org/package=purrr},
}
@Article{R-Rcpp_a,
  title = {{Rcpp}: Seamless {R} and {C++} Integration},
  author = {Dirk Eddelbuettel and Romain Fran\c{c}ois},
  journal = {Journal of Statistical Software},
  year = {2011},
  volume = {40},
  number = {8},
  pages = {1--18},
  url = {https://www.jstatsoft.org/v40/i08/},
  doi = {10.18637/jss.v040.i08},
}
@Article{R-Rcpp_b,
  title = {{Extending 	extit{R} with 	extit{C++}: A Brief Introduction to 	extit{Rcpp}}},
  author = {Dirk Eddelbuettel and James Joseph Balamuta},
  journal = {The American Statistician},
  year = {2018},
  volume = {72},
  number = {1},
  pages = {28-36},
  url = {https://doi.org/10.1080/00031305.2017.1375990},
  doi = {10.1080/00031305.2017.1375990},
}
@Manual{R-readxl,
  title = {readxl: Read Excel Files},
  author = {Hadley Wickham and Jennifer Bryan},
  year = {2019},
  note = {R package version 1.3.1},
  url = {https://CRAN.R-project.org/package=readxl},
}
@Manual{R-scales,
  title = {scales: Scale Functions for Visualization},
  author = {Hadley Wickham and Dana Seidel},
  year = {2020},
  note = {R package version 1.1.1},
  url = {https://CRAN.R-project.org/package=scales},
}
@Manual{R-stringr,
  title = {stringr: Simple, Consistent Wrappers for Common String Operations},
  author = {Hadley Wickham},
  year = {2019},
  note = {R package version 1.4.0},
  url = {https://CRAN.R-project.org/package=stringr},
}
@Manual{R-tarchetypes,
  title = {tarchetypes: Archetypes for Targets},
  author = {William Michael Landau},
  year = {2021},
  note = {{https://docs.ropensci.org/tarchetypes/, https://github.com/ropensci/tarchetypes}},
}
@Article{R-targets,
  title = {The targets R package: a dynamic Make-like function-oriented pipeline toolkit for reproducibility and high-performance computing},
  author = {William Michael Landau},
  journal = {Journal of Open Source Software},
  year = {2021},
  volume = {6},
  number = {57},
  pages = {2959},
  url = {https://doi.org/10.21105/joss.02959},
}
@Manual{R-tibble,
  title = {tibble: Simple Data Frames},
  author = {Kirill Müller and Hadley Wickham},
  year = {2021},
  note = {R package version 3.1.2},
  url = {https://CRAN.R-project.org/package=tibble},
}
@Manual{R-tidybayes,
  title = {{tidybayes}: Tidy Data and Geoms for {Bayesian} Models},
  author = {Matthew Kay},
  year = {2021},
  note = {R package version 3.0.1},
  url = {http://mjskay.github.io/tidybayes/},
  doi = {10.5281/zenodo.1308151},
}
@Manual{R-tidyr,
  title = {tidyr: Tidy Messy Data},
  author = {Hadley Wickham},
  year = {2021},
  note = {R package version 1.1.3},
  url = {https://CRAN.R-project.org/package=tidyr},
}
@Manual{R-wesanderson,
  title = {wesanderson: A Wes Anderson Palette Generator},
  author = {Karthik Ram and Hadley Wickham},
  year = {2018},
  note = {R package version 0.3.6},
  url = {https://CRAN.R-project.org/package=wesanderson},
}
@Manual{R-htmltools,
  title = {htmltools: Tools for HTML},
  author = {Joe Cheng and Carson Sievert and Winston Chang and Yihui Xie and Jeff Allen},
  year = {2021},
  note = {R package version 0.5.1.1},
  url = {https://CRAN.R-project.org/package=htmltools},
}
