@Manual{R-base,
  title = {R: A Language and Environment for Statistical Computing},
  author = {{R Core Team}},
  organization = {R Foundation for Statistical Computing},
  address = {Vienna, Austria},
  year = {2021},
  url = {https://www.R-project.org/},
}
@Article{R-brms_a,
  title = {{brms}: An {R} Package for {Bayesian} Multilevel Models Using {Stan}},
  author = {Paul-Christian Bürkner},
  journal = {Journal of Statistical Software},
  year = {2017},
  volume = {80},
  number = {1},
  pages = {1--28},
  doi = {10.18637/jss.v080.i01},
  encoding = {UTF-8},
}
@Article{R-brms_b,
  title = {Advanced {Bayesian} Multilevel Modeling with the {R} Package {brms}},
  author = {Paul-Christian Bürkner},
  journal = {The R Journal},
  year = {2018},
  volume = {10},
  number = {1},
  pages = {395--411},
  doi = {10.32614/RJ-2018-017},
  encoding = {UTF-8},
}
@Manual{R-dplyr,
  title = {dplyr: A Grammar of Data Manipulation},
  author = {Hadley Wickham and Romain François and Lionel Henry and Kirill Müller},
  year = {2021},
  note = {R package version 1.0.7},
  url = {https://CRAN.R-project.org/package=dplyr},
}
@Manual{R-forcats,
  title = {forcats: Tools for Working with Categorical Variables (Factors)},
  author = {Hadley Wickham},
  year = {2021},
  note = {R package version 0.5.1},
  url = {https://CRAN.R-project.org/package=forcats},
}
@Book{R-ggplot2,
  author = {Hadley Wickham},
  title = {ggplot2: Elegant Graphics for Data Analysis},
  publisher = {Springer-Verlag New York},
  year = {2016},
  isbn = {978-3-319-24277-4},
  url = {https://ggplot2.tidyverse.org},
}
@Manual{R-gt,
  title = {gt: Easily Create Presentation-Ready Display Tables},
  author = {Richard Iannone and Joe Cheng and Barret Schloerke},
  year = {2020},
  note = {R package version 0.2.2},
  url = {https://CRAN.R-project.org/package=gt},
}
@Manual{R-here,
  title = {here: A Simpler Way to Find Your Files},
  author = {Kirill Müller},
  year = {2020},
  note = {R package version 1.0.1},
  url = {https://CRAN.R-project.org/package=here},
}
@Manual{R-janitor,
  title = {janitor: Simple Tools for Examining and Cleaning Dirty Data},
  author = {Sam Firke},
  year = {2021},
  note = {R package version 2.1.0},
  url = {https://CRAN.R-project.org/package=janitor},
}
@Manual{R-job,
  title = {job: Run Code as an RStudio Job - Free Your Console},
  author = {Jonas Kristoffer Lindeløv},
  year = {2021},
  note = {R package version 0.3.0},
  url = {https://CRAN.R-project.org/package=job},
}
@Manual{R-keyring,
  title = {keyring: Access the System Credential Store from R},
  author = {Gábor Csárdi},
  year = {2021},
  note = {R package version 1.2.0},
  url = {https://CRAN.R-project.org/package=keyring},
}
@Book{R-knitr,
  title = {Dynamic Documents with {R} and knitr},
  author = {Yihui Xie},
  publisher = {Chapman and Hall/CRC},
  address = {Boca Raton, Florida},
  year = {2015},
  edition = {2nd},
  note = {ISBN 978-1498716963},
  url = {https://yihui.org/knitr/},
}
@Article{R-lubridate,
  title = {Dates and Times Made Easy with {lubridate}},
  author = {Garrett Grolemund and Hadley Wickham},
  journal = {Journal of Statistical Software},
  year = {2011},
  volume = {40},
  number = {3},
  pages = {1--25},
  url = {https://www.jstatsoft.org/v40/i03/},
}
@Article{R-mice,
  title = {{mice}: Multivariate Imputation by Chained Equations in R},
  author = {Stef {van Buuren} and Karin Groothuis-Oudshoorn},
  journal = {Journal of Statistical Software},
  year = {2011},
  volume = {45},
  number = {3},
  pages = {1-67},
  url = {https://www.jstatsoft.org/v45/i03/},
}
@Manual{R-multilex,
  title = {multilex: Multilingual lexical assessment using online surveys},
  author = {Gonzalo Garcia-Castro},
  note = {R package version 0.1.0},
  url = {https://gongcastro.github.io/multilex},
}
@Manual{R-papaja,
  author = {Frederik Aust and Marius Barth},
  title = {{papaja}: {Create} {APA} manuscripts with {R Markdown}},
  year = {2020},
  note = {R package version 0.1.0.9997},
  url = {https://github.com/crsh/papaja},
}
@Manual{R-patchwork,
  title = {patchwork: The Composer of Plots},
  author = {Thomas Lin Pedersen},
  year = {2020},
  note = {R package version 1.1.1},
  url = {https://CRAN.R-project.org/package=patchwork},
}
@Manual{R-purrr,
  title = {purrr: Functional Programming Tools},
  author = {Lionel Henry and Hadley Wickham},
  year = {2020},
  note = {R package version 0.3.4},
  url = {https://CRAN.R-project.org/package=purrr},
}
@Article{R-Rcpp_a,
  title = {{Rcpp}: Seamless {R} and {C++} Integration},
  author = {Dirk Eddelbuettel and Romain Fran\c{c}ois},
  journal = {Journal of Statistical Software},
  year = {2011},
  volume = {40},
  number = {8},
  pages = {1--18},
  url = {https://www.jstatsoft.org/v40/i08/},
  doi = {10.18637/jss.v040.i08},
}
@Article{R-Rcpp_b,
  title = {{Extending 	extit{R} with 	extit{C++}: A Brief Introduction to 	extit{Rcpp}}},
  author = {Dirk Eddelbuettel and James Joseph Balamuta},
  journal = {The American Statistician},
  year = {2018},
  volume = {72},
  number = {1},
  pages = {28-36},
  url = {https://doi.org/10.1080/00031305.2017.1375990},
  doi = {10.1080/00031305.2017.1375990},
}
@Manual{R-readxl,
  title = {readxl: Read Excel Files},
  author = {Hadley Wickham and Jennifer Bryan},
  year = {2019},
  note = {R package version 1.3.1},
  url = {https://CRAN.R-project.org/package=readxl},
}
@Manual{R-stringr,
  title = {stringr: Simple, Consistent Wrappers for Common String Operations},
  author = {Hadley Wickham},
  year = {2019},
  note = {R package version 1.4.0},
  url = {https://CRAN.R-project.org/package=stringr},
}
@Manual{R-tarchetypes,
  title = {tarchetypes: Archetypes for Targets},
  author = {William Michael Landau},
  year = {2021},
  note = {{https://docs.ropensci.org/tarchetypes/, https://github.com/ropensci/tarchetypes}},
}
@Article{R-targets,
  title = {The targets R package: a dynamic Make-like function-oriented pipeline toolkit for reproducibility and high-performance computing},
  author = {William Michael Landau},
  journal = {Journal of Open Source Software},
  year = {2021},
  volume = {6},
  number = {57},
  pages = {2959},
  url = {https://doi.org/10.21105/joss.02959},
}
@Manual{R-tibble,
  title = {tibble: Simple Data Frames},
  author = {Kirill Müller and Hadley Wickham},
  year = {2021},
  note = {R package version 3.1.1},
  url = {https://CRAN.R-project.org/package=tibble},
}
@Manual{R-tidybayes,
  title = {{tidybayes}: Tidy Data and Geoms for {Bayesian} Models},
  author = {Matthew Kay},
  year = {2020},
  note = {R package version 2.3.1.9000},
  url = {http://mjskay.github.io/tidybayes/},
  doi = {10.5281/zenodo.1308151},
}
@Manual{R-tidyr,
  title = {tidyr: Tidy Messy Data},
  author = {Hadley Wickham},
  year = {2021},
  note = {R package version 1.1.3},
  url = {https://CRAN.R-project.org/package=tidyr},
}
@Manual{R-wesanderson,
  title = {wesanderson: A Wes Anderson Palette Generator},
  author = {Karthik Ram and Hadley Wickham},
  year = {2018},
  note = {R package version 0.3.6.9000},
  url = {https://github.com/karthik/wesanderson},
}
